%% LaTeX2e file `reference.bib'
%% generated by the `filecontents' environment
%% from source `essay' on 2023/03/05.
%%
 @article{fifa, author = "fifa", title="111", year=3001}
 @article{ucl, author = "BBB", title="222", year=3002}
 @article{ccc, author = "CCC", title="333", year=3003}
